% This file was created with JabRef 2.3.
% Encoding: ISO-8859-1

@inproceedings{TAID,
  title={Task-Aware Image Downscaling},
  author={Heewon Kim and Myungsub Choi and Bee Lim and Kyoung Mu Lee},
  booktitle={ECCV},
  year={2018}
}

@article{FRVSR,
  author    = {Mehdi S. M. Sajjadi and
               Raviteja Vemulapalli and
               Matthew Brown},
  title     = {Frame-Recurrent Video Super-Resolution},
  journal   = {CoRR},
  volume    = {abs/1801.04590},
  year      = {2018},
  url       = {http://arxiv.org/abs/1801.04590},
  archivePrefix = {arXiv},
  eprint    = {1801.04590},
  timestamp = {Mon, 13 Aug 2018 16:49:04 +0200},
  biburl    = {https://dblp.org/rec/bib/journals/corr/abs-1801-04590},
  bibsource = {dblp computer science bibliography, https://dblp.org}
}

@article{LFVSRTHROFE,
  author    = {Longguang Wang and
               Yulan Guo and
               Zaiping Lin and
               Xinpu Deng and
               Wei An},
  title     = {Learning for Video Super-Resolution through {HR} Optical Flow Estimation},
  journal   = {CoRR},
  volume    = {abs/1809.08573},
  year      = {2018},
  url       = {http://arxiv.org/abs/1809.08573},
  archivePrefix = {arXiv},
  eprint    = {1809.08573},
  timestamp = {Fri, 05 Oct 2018 11:34:52 +0200},
  biburl    = {https://dblp.org/rec/bib/journals/corr/abs-1809-08573},
  bibsource = {dblp computer science bibliography, https://dblp.org}
}

@article{RTSIAVSRUAESPCNN,
  author    = {Wenzhe Shi and
               Jose Caballero and
               Ferenc Husz{\'{a}}r and
               Johannes Totz and
               Andrew P. Aitken and
               Rob Bishop and
               Daniel Rueckert and
               Zehan Wang},
  title     = {Real-Time Single Image and Video Super-Resolution Using an Efficient
               Sub-Pixel Convolutional Neural Network},
  journal   = {CoRR},
  volume    = {abs/1609.05158},
  year      = {2016},
  url       = {http://arxiv.org/abs/1609.05158},
  archivePrefix = {arXiv},
  eprint    = {1609.05158},
  timestamp = {Mon, 13 Aug 2018 16:47:09 +0200},
  biburl    = {https://dblp.org/rec/bib/journals/corr/ShiCHTABRW16},
  bibsource = {dblp computer science bibliography, https://dblp.org}
}

@article{RBPNFVSR,
  author    = {Muhammad Haris and
               Greg Shakhnarovich and
               Norimichi Ukita},
  title     = {Recurrent Back-Projection Network for Video Super-Resolution},
  journal   = {CoRR},
  volume    = {abs/1903.10128},
  year      = {2019},
  url       = {http://arxiv.org/abs/1903.10128},
  archivePrefix = {arXiv},
  eprint    = {1903.10128},
  timestamp = {Mon, 01 Apr 2019 14:07:37 +0200},
  biburl    = {https://dblp.org/rec/bib/journals/corr/abs-1903-10128},
  bibsource = {dblp computer science bibliography, https://dblp.org}
}

@article{DLFISRAS,
  author    = {Zhihao Wang and
               Jian Chen and
               Steven C. H. Hoi},
  title     = {Deep Learning for Image Super-Resolution: {A} Survey},
  journal   = {CoRR},
  volume    = {abs/1902.06068},
  year      = {2019},
  url       = {http://arxiv.org/abs/1902.06068},
  archivePrefix = {arXiv},
  eprint    = {1902.06068},
  timestamp = {Sat, 02 Mar 2019 16:35:39 +0100},
  biburl    = {https://dblp.org/rec/bib/journals/corr/abs-1902-06068},
  bibsource = {dblp computer science bibliography, https://dblp.org}
}

@article{ESRGAN,
  author    = {Xintao Wang and
               Ke Yu and
               Shixiang Wu and
               Jinjin Gu and
               Yihao Liu and
               Chao Dong and
               Chen Change Loy and
               Yu Qiao and
               Xiaoou Tang},
  title     = {{ESRGAN:} Enhanced Super-Resolution Generative Adversarial Networks},
  journal   = {CoRR},
  volume    = {abs/1809.00219},
  year      = {2018},
  url       = {http://arxiv.org/abs/1809.00219},
  archivePrefix = {arXiv},
  eprint    = {1809.00219},
  timestamp = {Fri, 05 Oct 2018 11:34:52 +0200},
  biburl    = {https://dblp.org/rec/bib/journals/corr/abs-1809-00219},
  bibsource = {dblp computer science bibliography, https://dblp.org}
}

@article{AFPATSISR,
  author    = {Yifan Wang and
               Federico Perazzi and
               Brian McWilliams and
               Alexander Sorkine{-}Hornung and
               Olga Sorkine{-}Hornung and
               Christopher Schroers},
  title     = {A Fully Progressive Approach to Single-Image Super-Resolution},
  journal   = {CoRR},
  volume    = {abs/1804.02900},
  year      = {2018},
  url       = {http://arxiv.org/abs/1804.02900},
  archivePrefix = {arXiv},
  eprint    = {1804.02900},
  timestamp = {Mon, 13 Aug 2018 16:46:11 +0200},
  biburl    = {https://dblp.org/rec/bib/journals/corr/abs-1804-02900},
  bibsource = {dblp computer science bibliography, https://dblp.org}
}

@article{AABAFSISR,
  author    = {Yuan Liu and
               Yuancheng Wang and
               Nan Li and
               Xu Cheng and
               Yifeng Zhang and
               Yongming Huang and
               Guojun Lu},
  title     = {An Attention-Based Approach for Single Image Super Resolution},
  journal   = {CoRR},
  volume    = {abs/1807.06779},
  year      = {2018},
  url       = {http://arxiv.org/abs/1807.06779},
  archivePrefix = {arXiv},
  eprint    = {1807.06779},
  timestamp = {Mon, 13 Aug 2018 16:48:01 +0200},
  biburl    = {https://dblp.org/rec/bib/journals/corr/abs-1807-06779},
  bibsource = {dblp computer science bibliography, https://dblp.org}
}

@article{DLFSISRABR,
  author    = {Wenming Yang and
               Xuechen Zhang and
               Yapeng Tian and
               Wei Wang and
               Jing{-}Hao Xue},
  title     = {Deep Learning for Single Image Super-Resolution: {A} Brief Review},
  journal   = {CoRR},
  volume    = {abs/1808.03344},
  year      = {2018},
  url       = {http://arxiv.org/abs/1808.03344},
  archivePrefix = {arXiv},
  eprint    = {1808.03344},
  timestamp = {Wed, 17 Apr 2019 14:54:57 +0200},
  biburl    = {https://dblp.org/rec/bib/journals/corr/abs-1808-03344},
  bibsource = {dblp computer science bibliography, https://dblp.org}
}

@article{LFIOATD,
    author = {Duchon, Claude E.},
    title = {Lanczos Filtering in One and Two Dimensions},
    journal = {Journal of Applied Meteorology},
    volume = {18},
    number = {8},
    pages = {1016-1022},
    year = {1979},
    doi = {10.1175/1520-0450(1979)018<1016:LFIOAT>2.0.CO;2}
}

@article{NTIRE2017,
  title={NTIRE 2017 Challenge on Single Image Super-Resolution: Dataset and Study},
  author={Eirikur Agustsson and Radu Timofte},
  journal={2017 IEEE Conference on Computer Vision and Pattern Recognition Workshops (CVPRW)},
  year={2017},
  pages={1122-1131}
}


@article{SARPFTTAISAIP,
    title={Sparse and Redundant Representations: From Theory to Applications in Signal and Image Processing.},
    author={M. Elad},
    journal={Springer Publishing Company},
    year={2010}
}

@article{IDASRBASDSAAR,
    author={W. {Dong} and L. {Zhang} and G. {Shi} and X. {Wu}},
    journal={IEEE Transactions on Image Processing},
    title={Image Deblurring and Super-Resolution by Adaptive Sparse Domain Selection and Adaptive Regularization},
    year={2011},
    volume={20},
    number={7},
    pages={1838-1857},
    keywords={autoregressive processes;image resolution;image restoration;statistical analysis;image deblurring;image super-resolution;adaptive sparse domain selection;adaptive regularization;statistical image modeling technique;sparse representation;image restoration;image patches;autoregressive models;Dictionaries;Adaptation model;Image restoration;TV;Image resolution;Image reconstruction;Computational modeling;Deblurring;image restoration (IR);regularization;sparse representation;super-resolution;Algorithms;Animals;Databases, Factual;Humans;Image Processing, Computer-Assisted;Plants;Regression Analysis},
    doi={10.1109/TIP.2011.2108306},
    ISSN={1057-7149},
    month={July}
}

@article{LADCNFISR,
    title={Learning a deep convolutional network for image super resolution},
    author={Dong C. and Loy C.C. and He K. and Tang X.},
    journal={ECCV 2014},
    year={2014}
}

@article{FAAIUWSRF,
    author={S. {Schulter} and C. {Leistner} and H. {Bischof}},
    booktitle={2015 IEEE Conference on Computer Vision and Pattern Recognition (CVPR)},
    title={Fast and accurate image upscaling with super-resolution forests},
    year={2015},
    volume={},
    number={},
    pages={3791-3799},
    keywords={computer vision;image coding;image reconstruction;image resolution;random processes;regression analysis;image upscaling;superresolution forests;single image superresolution;high-resolution image reconstruction;nonlinear mapping;neighborhood embedding;sparse-coding;random forests;locally linear regression;computer vision problems;Image resolution;Dictionaries;Training;Vegetation;Encoding;Yttrium;Computer vision},
    doi={10.1109/CVPR.2015.7299003},
    ISSN={1063-6919},
    month={June},
}

@article{FISRBOIPER,
    author={J. {Yang} and Z. {Lin} and S. {Cohen}},
    booktitle={2013 IEEE Conference on Computer Vision and Pattern Recognition},
    title={Fast Image Super-Resolution Based on In-Place Example Regression},
    year={2013},
    volume={},
    number={},
    pages={1059-1066},
    keywords={approximation theory;data compression;image coding;image resolution;regression analysis;compression artifacts;noise;robust estimation;visual artifacts;low-to high-resolution image patches;nonlinear mapping function;first-order approximation;local self-similarity;in-place self-similarity;external database;single image super-resolution;in-place example regression;Spatial resolution;Least squares approximations;Visualization;Approximation algorithms;Image edge detection;super-resolution;self-example;self-similarity;in-place matching;image restoration;image upscaling},
    doi={10.1109/CVPR.2013.141},
    ISSN={1063-6919},
    month={June},
}

@article{AISRUVDCN,
  author    = {Jiwon Kim and
               Jung Kwon Lee and
               Kyoung Mu Lee},
  title     = {Accurate Image Super-Resolution Using Very Deep Convolutional Networks},
  journal   = {CoRR},
  volume    = {abs/1511.04587},
  year      = {2015},
  url       = {http://arxiv.org/abs/1511.04587},
  archivePrefix = {arXiv},
  eprint    = {1511.04587},
  timestamp = {Mon, 13 Aug 2018 16:46:40 +0200},
  biburl    = {https://dblp.org/rec/bib/journals/corr/KimLL15b},
  bibsource = {dblp computer science bibliography, https://dblp.org}
}

@article{EDRNFSISR,
  author    = {Bee Lim and
               Sanghyun Son and
               Heewon Kim and
               Seungjun Nah and
               Kyoung Mu Lee},
  title     = {Enhanced Deep Residual Networks for Single Image Super-Resolution},
  journal   = {CoRR},
  volume    = {abs/1707.02921},
  year      = {2017},
  url       = {http://arxiv.org/abs/1707.02921},
  archivePrefix = {arXiv},
  eprint    = {1707.02921},
  timestamp = {Mon, 13 Aug 2018 16:47:38 +0200},
  biburl    = {https://dblp.org/rec/bib/journals/corr/LimSKNL17},
  bibsource = {dblp computer science bibliography, https://dblp.org}
}

@inproceedings{AANRFFSR,
  title={A+: Adjusted Anchored Neighborhood Regression for Fast Super-Resolution},
  author={Radu Timofte and Vincent De Smet and Luc Van Gool},
  booktitle={ACCV},
  year={2014}
}

@article{SRWESME,
    author={H. {Takeda} and P. {Milanfar} and M. {Protter} and M. {Elad}},
    journal={IEEE Transactions on Image Processing},
    title={Super-Resolution Without Explicit Subpixel Motion Estimation},
    year={2009},
    volume={18},
    number={9},
    pages={1958-1975},
    keywords={image enhancement;image resolution;image sequences;least squares approximations;motion estimation;video signal processing;superresolution;explicit subpixel motion estimation;video sequences;global translational;affine displacements;video adaptive enhancement;spatiotemporal upscaling;multidimensional kernel regression;3D local Taylor series;3D space-time orientation;weighted least squares problem;Motion estimation;Spatial resolution;Kernel;Video sequences;Spatiotemporal phenomena;Displays;Multidimensional systems;Nonlinear optics;Optical filters;Interpolation;Denoising;frame rate upconversion;interpolation;kernel;local polynomial;nonlinear filter;nonparametric;regression;spatially adaptive;super-resolution},
    doi={10.1109/TIP.2009.2023703},
    ISSN={1057-7149},
    month={Sep.},
}

@article{RTVSRWSTNAMC,
  author    = {Jose Caballero and
               Christian Ledig and
               Andrew P. Aitken and
               Alejandro Acosta and
               Johannes Totz and
               Zehan Wang and
               Wenzhe Shi},
  title     = {Real-Time Video Super-Resolution with Spatio-Temporal Networks and
               Motion Compensation},
  journal   = {CoRR},
  volume    = {abs/1611.05250},
  year      = {2016},
  url       = {http://arxiv.org/abs/1611.05250},
  archivePrefix = {arXiv},
  eprint    = {1611.05250},
  timestamp = {Mon, 13 Aug 2018 16:46:27 +0200},
  biburl    = {https://dblp.org/rec/bib/journals/corr/CaballeroLAATWS16},
  bibsource = {dblp computer science bibliography, https://dblp.org}
}

@INPROCEEDINGS{RVSRWLTD,
    author={D. {Liu} and Z. {Wang} and Y. {Fan} and X. {Liu} and Z. {Wang} and S. {Chang} and T. {Huang}},
    booktitle={2017 IEEE International Conference on Computer Vision (ICCV)},
    title={Robust Video Super-Resolution with Learned Temporal Dynamics},
    year={2017},
    volume={},
    number={},
    pages={2526-2534},
    keywords={image motion analysis;image resolution;image sequences;learning (artificial intelligence);video signal processing;video super-resolution;motion complexity;high-resolution frame;spatial alignment modules;public video datasets;learned temporal dynamics;input LR sequence;temporal adaptive neural network;low-resolution frames;Neural networks;Adaptation models;Adaptive systems;Modulation;Computational modeling;Optical imaging;Motion compensation},
    doi={10.1109/ICCV.2017.274},
    ISSN={2380-7504},
    month={Oct},
}

@article{CIC,
    author    = {Richard Zhang and
               Phillip Isola and
               Alexei A. Efros},
    title     = {Colorful Image Colorization},
    journal   = {CoRR},
    volume    = {abs/1603.08511},
    year      = {2016},
    url       = {http://arxiv.org/abs/1603.08511},
    archivePrefix = {arXiv},
    eprint    = {1603.08511},
    timestamp = {Mon, 13 Aug 2018 16:46:30 +0200},
    biburl    = {https://dblp.org/rec/bib/journals/corr/ZhangIE16},
    bibsource = {dblp computer science bibliography, https://dblp.org}
}

@inproceedings{ICUSI,
    author = {Gupta, Raj Kumar and Chia, Alex Yong-Sang and Rajan, Deepu and Ng, Ee Sin and Zhiyong, Huang},
    title = {Image Colorization Using Similar Images},
    booktitle = {Proceedings of the 20th ACM International Conference on Multimedia},
    series = {MM '12},
    year = {2012},
    isbn = {978-1-4503-1089-5},
    location = {Nara, Japan},
    pages = {369--378},
    numpages = {10},
    url = {http://doi.acm.org/10.1145/2393347.2393402},
    doi = {10.1145/2393347.2393402},
    acmid = {2393402},
    publisher = {ACM},
    address = {New York, NY, USA},
    keywords = {automatic colorization, cascade feature matching},
}

@article{DRLFIR,
  author    = {Kaiming He and
               Xiangyu Zhang and
               Shaoqing Ren and
               Jian Sun},
  title     = {Deep Residual Learning for Image Recognition},
  journal   = {CoRR},
  volume    = {abs/1512.03385},
  year      = {2015},
  url       = {http://arxiv.org/abs/1512.03385},
  archivePrefix = {arXiv},
  eprint    = {1512.03385},
  timestamp = {Wed, 17 Apr 2019 17:23:45 +0200},
  biburl    = {https://dblp.org/rec/bib/journals/corr/HeZRS15},
  bibsource = {dblp computer science bibliography, https://dblp.org}
}
